<collection xmlns="http://www.loc.gov/MARC21/slim">
<record>
  <leader>01561nam0a2200229 i 450 </leader>
  <controlfield tag="001">IT\ICCU\CNCE\078125</controlfield>
  <controlfield tag="005">20140415000000.0</controlfield>
  <datafield tag="012" ind1=" " ind2=" ">
    <subfield code="a">m-el ,&amp;n- ian- dio. (C) 1565 (Q)</subfield>
    <subfield code="2">fei</subfield>
  </datafield>
  <datafield tag="100" ind1=" " ind2=" ">
    <subfield code="a">20130626f1565        0itac0103    ba</subfield>
  </datafield>
  <datafield tag="101" ind1=" " ind2=" ">
    <subfield code="a">ITA</subfield>
  </datafield>
  <datafield tag="102" ind1=" " ind2=" ">
    <subfield code="a">IT</subfield>
  </datafield>
  <datafield tag="200" ind1="1" ind2=" ">
    <subfield code="a">℗Li ℗presagi et pronostici di m. Michele Nostradamo francese. Quale principiano l&apos;anno MDLXV diligentemente discorendo di anno in anno fino al 1570. Chiaramente ci dimostra tutto quello che gl&apos; influssi celesti dinotano tanto di bene, quanto di male; si delli racolti boni, quanto delli rei. Ancora predice nelli detti anni 1565 fina al 1570 tutte le peruerse calamitadi che deue incorrere ... con vna bellissima dechiaratione; doue ciascheduno facilissimamente potra difendersi delle peruerse constelationi minaciate ... Diligentemente estratti dalli originali francesi, nella nostra italiana lingua. Michel nostradamo medico di Salon di Craux in Prouenza. Alla s. di papa Pio IIII di questonome \!! composto</subfield>
  </datafield>
  <datafield tag="210" ind1=" " ind2=" ">
    <subfield code="d">\1565?!</subfield>
  </datafield>
  <datafield tag="215" ind1=" " ind2=" ">
    <subfield code="a">\4! c.</subfield>
    <subfield code="d">4ʻ</subfield>
  </datafield>
  <datafield tag="300" ind1=" " ind2=" ">
    <subfield code="a">Stampato presumibilmente a Genova; per il luogo e la data cfr.: M. Chomarat,  Bibliographie Nostradamus : 16e, 17e, 18e siecles Baden, V. Koerner, 1989, n. 67</subfield>
  </datafield>
  <datafield tag="620" ind1=" " ind2=" ">
    <subfield code="a">IT</subfield>
    <subfield code="d">Genova</subfield>
  </datafield>
  <datafield tag="700" ind1=" " ind2="0">
    <subfield code="a">Nostradamus</subfield>
    <subfield code="3">IT\ICCU\CNCA\010587</subfield>
  </datafield>
  <datafield tag="712" ind1="0" ind2="2">
    <subfield code="a">s.n.</subfield>
    <subfield code="3">IT\ICCU\CNCT\000002</subfield>
    <subfield code="4">650</subfield>
  </datafield>
  <datafield tag="790" ind1=" " ind2="1">
    <subfield code="a">Notredame,</subfield>
    <subfield code="b">Michel : de</subfield>
    <subfield code="3">IT\ICCU\CNCA\016652</subfield>
    <subfield code="z">Nostradamus</subfield>
  </datafield>
  <datafield tag="790" ind1=" " ind2="1">
    <subfield code="a">Nostradamo,</subfield>
    <subfield code="b">Michele</subfield>
    <subfield code="3">IT\ICCU\CNCA\017666</subfield>
    <subfield code="z">Nostradamus</subfield>
  </datafield>
  <datafield tag="801" ind1=" " ind2="3">
    <subfield code="a">IT</subfield>
    <subfield code="b">ICCU</subfield>
    <subfield code="c">20201115</subfield>
  </datafield>
  <datafield tag="899" ind1=" " ind2=" ">
    <subfield code="a">Biblioteca nazionale Marciana. Venezia</subfield>
    <subfield code="1">VE0049</subfield>
    <subfield code="2">VEA BM</subfield>
  </datafield>
</record>
</collection>
